% Encoding: UTF-8

@Book{CormenLeisersonRivestStein2009,
  title     = {Introduction to algorithms},
  publisher = {MIT Press, Cambridge, MA},
  year      = {2009},
  author    = {Cormen, Thomas H. and Leiserson, Charles E. and Rivest, Ronald L. and Stein, Clifford},
  edition   = {Third},
  isbn      = {978-0-262-03384-8},
  file      = {:CormenLeisersonRivestStein2009 - Introduction to algorithms.pdf:PDF},
  mrclass   = {68-01 (05-01 05C85 68P05 68P10 68Q25 68Wxx)},
  mrnumber  = {2572804 (2010j:68001)},
  owner     = {francisco},
  pages     = {xx+1292},
  timestamp = {2015.05.18},
}

@Book{MehlhornSanders2008,
  title     = {Algorithms and Data Structures: The Basic Toolbox},
  publisher = {Springer Publishing Company, Incorporated},
  year      = {2008},
  author    = {Mehlhorn, Kurt and Sanders, Peter},
  edition   = {1},
  isbn      = {9783540779773},
}

@Comment{jabref-meta: databaseType:bibtex;}
